<record xmlns="http://www.loc.gov/MARC21/slim">
   <leader>01171cam a2200313 a 4500</leader>
   <controlfield tag="001">1325855</controlfield>
   <controlfield tag="008">901003s1985    wauak    b        0 eng o</controlfield>
   <datafield ind1=" " ind2=" " tag="020">
      <subfield code="a">087562085X</subfield>
   </datafield>
   <datafield ind1=" " ind2=" " tag="035">
      <subfield code="a">ocm12656760</subfield>
   </datafield>
   <datafield ind1=" " ind2=" " tag="040">
      <subfield code="a">DLC</subfield>
      <subfield code="b">eng</subfield>
      <subfield code="c">DLC</subfield>
      <subfield code="d">CaOONL</subfield>
   </datafield>
   <datafield ind1=" " ind2=" " tag="043">
      <subfield code="a">n-us---</subfield>
   </datafield>
   <datafield ind1=" " ind2=" " tag="049">
      <subfield code="a">AEU</subfield>
      <subfield code="b">eng</subfield>
   </datafield>
   <datafield ind1=" " ind2=" " tag="050">
      <subfield code="a">HV741</subfield>
      <subfield code="b">.A735 1985</subfield>
   </datafield>
   <datafield ind1=" " ind2=" " tag="082">
      <subfield code="a">372.3/7</subfield>
      <subfield code="2">19</subfield>
   </datafield>
   <datafield ind1="0" ind2=" " tag="090">
      <subfield code="a">HV 741 A598 1985</subfield>
   </datafield>
   <datafield ind1="1" ind2=" " tag="100">
      <subfield code="a">Anderson, Joanna.</subfield>
   </datafield>
   <datafield ind1="1" ind2="0" tag="245">
      <subfield code="a">Respond :</subfield>
      <subfield code="b">teaching children self protection, a text for everyone /</subfield>
      <subfield code="c">Joanna Anderson, Jean Benson.</subfield>
   </datafield>
   <datafield ind1=" " ind2=" " tag="260">
      <subfield code="a">Seattle :</subfield>
      <subfield code="b">Special Child Publications,</subfield>
      <subfield code="c">c1985.</subfield>
   </datafield>
   <datafield ind1=" " ind2=" " tag="300">
      <subfield code="a">112 p. ;</subfield>
      <subfield code="c">26 cm.</subfield>
   </datafield>
   <datafield ind1=" " ind2=" " tag="336">
      <subfield code="a">text</subfield>
      <subfield code="b">txt</subfield>
      <subfield code="2">rdacontent</subfield>
   </datafield>
   <datafield ind1=" " ind2=" " tag="337">
      <subfield code="a">unmediated</subfield>
      <subfield code="b">n</subfield>
      <subfield code="2">rdamedia</subfield>
   </datafield>
   <datafield ind1=" " ind2=" " tag="338">
      <subfield code="a">volume</subfield>
      <subfield code="b">nc</subfield>
      <subfield code="2">rdacarrier</subfield>
   </datafield>
   <datafield ind1=" " ind2=" " tag="504">
      <subfield code="a">Bibliography: P. 107-108.</subfield>
   </datafield>
   <datafield ind1=" " ind2=" " tag="596">
      <subfield code="a">38</subfield>
   </datafield>
   <datafield ind1=" " ind2="0" tag="650">
      <subfield code="a">Child abuse</subfield>
      <subfield code="z">United States</subfield>
      <subfield code="x">Prevention</subfield>
      <subfield code="x">Study and teaching.</subfield>
   </datafield>
   <datafield ind1=" " ind2="0" tag="650">
      <subfield code="a">Child sexual abuse</subfield>
      <subfield code="z">United States</subfield>
      <subfield code="x">Prevention</subfield>
      <subfield code="x">Study and teaching.</subfield>
   </datafield>
   <datafield ind1=" " ind2="0" tag="650">
      <subfield code="a">Children's accidents</subfield>
      <subfield code="z">United States</subfield>
      <subfield code="x">Prevention</subfield>
      <subfield code="x">Study and teaching.</subfield>
   </datafield>
   <datafield ind1="1" ind2=" " tag="700">
      <subfield code="a">Benson, Jean.</subfield>
   </datafield>
   <datafield ind1=" " ind2=" " tag="926">
      <subfield code="a">HV 741 A598 1985</subfield>
      <subfield code="w">LC</subfield>
      <subfield code="c">1</subfield>
      <subfield code="i">000034665547</subfield>
      <subfield code="d">3/15/1999</subfield>
      <subfield code="l">ON_SHELF</subfield>
      <subfield code="m">UABARD</subfield>
      <subfield code="n">11</subfield>
      <subfield code="p">$150.00</subfield>
      <subfield code="r">Y</subfield>
      <subfield code="s">Y</subfield>
      <subfield code="t">BOOK</subfield>
      <subfield code="u">10/22/1990</subfield>
      <subfield code="o">.STAFF. B0037301</subfield>
   </datafield>
</record>
